% Encoding: UTF-8
% TRY http://www.jabref.org/

@BOOK{DUMMY:1,
AUTHOR="John Doe",
TITLE="The Book without Title",
PUBLISHER="Dummy Publisher",
YEAR="2100",
}

@BOOK{Orwell:2,
AUTHOR="George Orwell",
TITLE="The Book without Title",
PUBLISHER="Dummy Publisher",
YEAR="1999",
}

@BOOK{CloudNativ:1,
AUTHOR="John Arundel and Justin Domingus",
TITLE="Cloud Native DevOps with Kubernetes",
PUBLISHER="O'RELLY",
YEAR="2019",
}

@BOOK{DeployOnAWS:1,
AUTHOR="Shimon Ifrah",
TITLE="Deploy Containers on AWS",
PUBLISHER="Apress",
YEAR="2019",
}

@Online{AmazonAWSSpot:1,
  date    = {2010},
  title   = {Amazon EC2-Spot-Instances},
  url     = {https://aws.amazon.com/de/ec2/spot/},
  urldate = {2010-07-08},
  year    = {2010},
}

@ONLINE{HippieCar:1,
    AUTHOR = "Webpage",
    TITLE = "Keep calm and make your choice...",
    YEAR = "2010",
    URL = "https://www.grenke-40-one.de/excursions-detail/",
    URLDATE = "2010-07-11",
}

@Book{Balstroem,
  author    = {Thomas Balstrøm and Ole Jacobi and Lars Bodum},
  date      = {2006},
  title     = {GIS og geodata},
  publisher = {Forlaget GIS og Geodata},
}

@Book{Schertenleib2004,
  author    = {Markus-Hermann Schertenleib and Helena Egli-Broz},
  title     = {Grundlagen Geografie: Aufgaben des Fachs, Erde als Himmelskörper und Kartografie : Lerntext, Aufgaben mit Lösungen und Kurztheorie},
  isbn      = {3715591714},
  publisher = {Compendio Bildungsmedien},
  address   = {Zürich},
  year      = {2004},
}

@Book{Kehlmann2005,
  author    = {Kehlmann, Daniel},
  date      = {2005-09-23},
  title     = {Die Vermessung der Welt},
  isbn      = {3498035282},
  pagetotal = {304},
  publisher = {Rowohlt Verlag GmbH},
  url       = {https://www.ebook.de/de/product/3563778/daniel_kehlmann_die_vermessung_der_welt.html},
  ean       = {9783498035280},
  year      = {2005},
}

@Online{Christ2020,
  author = {Hanspeter Christ},
  date   = {2020-07-09},
  title  = {swisstopo Fallstudie},
  url    = {https://aws.amazon.com/de/solutions/case-studies/swisstopo-hpc/},
}

@Online{Informatik2010,
  date    = {2010},
  title   = {Informatik},
  url     = {https://de.wikipedia.org/wiki/Informatik},
  urldate = {2010-07-16},
}

@Comment{jabref-meta: databaseType:biblatex;}
